@article{AsrHistory,
    author = {Juang, B. H. and Rabiner, L. R.},
    citeulike-article-id = {5946704},
    journal = {Elsevier Encyclopedia of Language and Linguistics},
    keywords = {phd-thesis},
    posted-at = {2009-10-15 23:43:54},
    priority = {2},
    title = {{Automatic speech recognition - A brief history of the technology development}},
    year = {2005}
}

@techreport{MS-human-accuracy,
  author    = {W. Xiong and
               L. Wu and
               F. Alleva and
               Jasha Droppo and
               X. Huang and
               Andreas Stolcke},
  title     = {The Microsoft 2017 Conversational Speech Recognition System},
  journal   = {CoRR},
  volume    = {abs/1708.06073},
  year      = {2017},
  url       = {http://arxiv.org/abs/1708.06073},
  archivePrefix = {arXiv},
  eprint    = {1708.06073},
  timestamp = {Mon, 13 Aug 2018 16:47:34 +0200},
  biburl    = {https://dblp.org/rec/bib/journals/corr/abs-1708-06073},
  bibsource = {dblp computer science bibliography, https://dblp.org}
}


@misc{ Meeker, 
    author = "Mary Meeker", 
    title = "Mary Meeker's 2018 Internet Trends Report",
    howpublished = "electronic",
    month = "May", 
    year = "2018", 
    note = "Published at Code Conference 2018"
}

@article{Baidu-deep,
  author    = {Awni Y. Hannun and
               Carl Case and
               Jared Casper and
               Bryan Catanzaro and
               Greg Diamos and
               Erich Elsen and
               Ryan Prenger and
               Sanjeev Satheesh and
               Shubho Sengupta and
               Adam Coates and
               Andrew Y. Ng},
  title     = {Deep Speech: Scaling up end-to-end speech recognition},
  journal   = {CoRR},
  volume    = {abs/1412.5567},
  year      = {2014},
  url       = {http://arxiv.org/abs/1412.5567},
  archivePrefix = {arXiv},
  eprint    = {1412.5567},
  timestamp = {Mon, 13 Aug 2018 16:48:07 +0200},
  biburl    = {https://dblp.org/rec/bib/journals/corr/HannunCCCDEPSSCN14},
  bibsource = {dblp computer science bibliography, https://dblp.org}
}

@book{IntroductionIR,
  author    = {Christopher D. Manning and 
                Prabhakar Raghavan and 
                Hinrich Sch√ºtze}, 
  title     = {Introduction to Information Retrieval},
  publisher = {Cambridge University Press},
  year      = 2008,
  address   = {},
  edition   = 1,
  month     = 7,
  isbn      = {0521865719}
}


@article{ErrorsASR,
  author    = { Farshid Zavareh and Ingrid Zukerman, and Su Nam Kim and 
                Thomas Kleinbauer
                },
  title     = {Error Detection in Automatic Speech Recognition},
  journal   = {Proceedings of Australasian Language Technology Association Workshop},
  year      = {2013},
  url       = {},
  pages     = {101-105}
}

@article{TREC2014,
    year=2014,
    title={http://www.trec-cds.org/2014.html},
    author ={TREC},
    url={http://www.trec-cds.org/2014.html}
}

@article{mozilla,
    year=2014,
    author ={Mozilla},
    title={https://github.com/mozilla/DeepSpeech},
    url={https://github.com/mozilla/DeepSpeech}
}